@manual {CoqManual,
    title= "The Coq Reference Manual",
    address= "https://coq.inria.fr/distrib/current/refman/index.html"
}

@book{Pierce,
  author = {Benjamin C. Pierce and Arthur Azevedo de Amorim 
                  and Chris Casinghino and Marco Gaboardi and
                  Michael Greenberg and C\v{a}t\v{a}lin Hri\c{t}cu 
                  and Vilhelm Sj\"{o}berg and Andrew Tolmach
                  and Brent Yorgey},
  title = {Programming Language Foundations},
  series = {Software Foundations series, volume 2},
  month = may,
  year = {2018},
  publisher = {Electronic textbook},
  plclub = {Yes},
  bcp = {Yes},
  keys = {verification,books},
  note = {Version 5.5.  \URL{http://www.cis.upenn.edu/~bcpierce/sf}},
  ebook = {http://www.cis.upenn.edu/~bcpierce/sf},
  japanese = {http://proofcafe.org/sf}
}

@phdthesis{raml,
  author = {Jan Hoffmann},
  title = {{Types with Potential: Polynomial Resource Bounds via Automatic Amortized Analysis}},
  school = {Ludwig-Maximilians-Universi{\"a}t M{\"u}nchen},
  year =  2011
}

@inproceedings{Danner,
 author = {Danner, Norman and Paykin, Jennifer and Royer, James S.},
 title = {A Static Cost Analysis for a Higher-order Language},
 booktitle = {Proceedings of the 7th Workshop on Programming Languages Meets Program Verification},
 series = {PLPV '13},
 year = {2013},
 isbn = {978-1-4503-1860-0},
 location = {Rome, Italy},
 pages = {25--34},
 numpages = {10},
 url = {http://doi.acm.org/10.1145/2428116.2428123},
 doi = {10.1145/2428116.2428123},
 acmid = {2428123},
 publisher = {ACM},
 address = {New York, NY, USA},
 keywords = {automated theorem proving, certified bounds, higher-order complexity},
} 
